@article{smartdust,
	author		= {Brett Warneke and Matt Last and Brian Liebowitz and Kristofer S.J. Pister},
	title		= {Smart Dust: Communicating with a Cubic-Millimeter Computer},
	journal		= {IEEE Computer},
	volume		= {34},
	year		= {2001},
	pages		= {44-51},
	publisher	= {IEEE Computer Society},
	address		= {Los Alamitos, CA, USA}}

@misc{cense,
	author		= {Information and Quantum Systems Labs {--} HP},
	title		= {Central Nervous System for the Earth ({CeNSE})},
	howpublished	= {Online},
	month		= {February},
	year		= {2010},
	url		= {\url{http://www.hpl.hp.com/research/quantum_systems/}}}

@article{wsn_survey,
	author		= {Ian F. Akyildiz and Weilian Su and Yogesh Sankarasubramaniam and Erdal Cayirci},
	title		= {Wireless sensor networks: a survey},
	journal		= {Computer Networks},
	volume		= {38},
	issue		= {4},
	year		= {2002},
	pages		= {393-422}}

@inproceedings{allred:2007,
	author		= {Jude Allred and Ahmad Bilal Hasan and Saroch Panichsakul and William Pisano and Peter Gray and Jyh Huang and Richard Han and Dale Lawrence and Kamran Mohseni},
	title		= {{SensorFlock}: An Airbone Wireless Sensor Network of Micro-Air Vehicles},
	booktitle	= {Proceedings of the 5th ACM Conference on Embedded Networked Sensor Systems (SenSys)},
	month		= {November},
	pages		= {117-129},
	address		= {Sydney, Australia},
	year		= {2007}}

@article{bhatti:2005,
	author		= {Shah Bhatti and James Carlson and Hui Dai and Jing Deng and Jeff Rose and Anmol Sheth and Brian Shucker and Charles Gruenwald and Adam Torgerson and Richard Han},
	title		= {{MANTIS OS}: An Embedded Multithreaded Operating System for Wireless Micro Sensor Platforms},
	journal		= {ACM/Kluwer Mobile Networks \& Applications (MONET)},
	volume		= {10},
	issue		= {4},
	pages		= {563-579},
	year		= {2005}}

@inproceedings{cao:2008,
	author		= {Qing Cao and Tarek Abdelzaher and John Stankovic and Tian He},
	title 		= {The {LiteOS} Operating System: Towards Unix-like Abstractions for Wireless Sensor Networks},
	booktitle	= {International Conference on Information Processing in Sensor Networks (IPSN)},
	month		= {April},
	pages		= {233-244},
	address		= {St. Louis, MO, USA},
	year		= {2008}}

@article{culler:2004,
	author		= {David Culler and Deborah Estrin and Mani Srivastava},
	title		= "Guest Editors' Introduction: Overview of Sensor Networks",
	journal		= {Computer},
	volume		= {37},
	issue		= {8},
	year		= 2004,
	pages		= {41-49}}

@inproceedings{dunkels:2003,
	author		= {Adam Dunkels},
	title		= {Full {TCP/IP} for 8-Bit Architectures},
	booktitle	= {Proceedings of the 1st ACM/USENIX International Conference on Mobile Systems, Applications and Services (MobiSys)},
	pages		= {85-98},
	month		= {May},
	address		= {San Francisco, CA, USA},
	year		= {2003}}

@inproceedings{dunkels:2004a,
	author		= {Adam Dunkels and Björn Grönvall and Thiemo Voigt},
	title		= {{Contiki} - a Lightweight and Flexible Operating System for Tiny Networked Sensors},
	booktitle	= {Proceedings of the 1st IEEE Workshop on Embedded Networked Sensors (Emnets-I)},
	pages		= {455-462},
	month		= {November},
	address		= {Tampa, FL, USA},
	year		= {2004}}

@inproceedings{durvy:2008,
	author		= {Mathilde Durvy and Julien Abeill\'e and Patrick Wetterwald and Colin O'Flynn and Blake Leverett and Eric Gnoske and Michael Vidales and Geoff Mulligan and Nicolas Tsiftes and Niclas Finne and Adam Dunkels},
	title		= {Making Sensor Networks {IPv6} Ready},
	booktitle	= {Proceedings of the 6th ACM Conference on Networked Embedded Sensor Systems (SenSys)},
	note		= {poster session},
	year		= {2008}}

@inproceedings{gay:2003,
	author		= {David Gay and Philip Levis and Robert von Behren and Matt Welsh and Eric Brewer and David Culler},
	title		= {The {nesC} Language: A Holistic Approach to Network Embedded Systems},
	booktitle	= {Proceedings of the ACM SIGPLAN Conference on Programming Language Design and Implementation (PLDI)},
	pages		= {1-11},
	month		= {June},
	address		= {San Diego, CA, USA},
	year		= {2003}}

@inproceedings{gnawali:2006,
	author		= {Omprakash Gnawali and Ben Greenstein and Ki-Young Jang and August Joki and Jeongyeup Paek and Marcos Vieira and Deborah Estrin and Ramesh Govindan and Eddie Kohler},
	title		= {The {TENET} Architecture for Tiered Sensor Networks},
	booktitle	= {Proceedings of the ACM Conference on Embedded Networked Sensor Systems (SenSys)},
	pages		= {153-156},
	month		= {October},
	address		= {Boulder, Colorado, USA},
	year		= {2006}}

@misc{aho:2008,
	author		= {Naomi Hamilton},
	title		= {The {A-Z} of Programming Languages: {AWK}},
	howpublished	= {Online},
	month		= {May},
	year		= {2008},
	url		= {\url{"http://www.computerworld.com.au/article/216844/a-z_programming_languages_awk/?fp=4194304&fpid=1/}}}

@inproceedings{han:2005,
	author		= {Chih-Chieh Han and Ram Kumar and Roy Shea and Eddie Kohler and Mani Srivastava},
	title		= {A Dynamic Operating System for Sensor Nodes},
	booktitle	= {Proceedings of the 3rd ACM/USENIX International Conference on Mobile Systems, Applications and Services (MobiSys)},
	pages		= {163-176},
	month		= {June},
	address		= {Seattle, WA, USA},
	year		= {2005}}

@inproceedings{hartung:2006,
	author		= {Carl Hartung and Richard Han and Carl Seielstad and Saxon Holbrook},
	title		= {{FireWxNet}: A Multi-Tiered Portable Wireless System for Monitoring Weather Conditions in Wildland Fire Environments},
	booktitle	= {Proceedings of the 4th ACM/USENIX International Conference on Mobile Systems, Applications and Services (MobiSys)},
	pages		= {28-41},
	month		= {June},
	address		= {Uppsala, Sweden},
	year		= {2006}}

@article{hill:2000,
	author		= {Jason Hill and Robert Szewczyk and Alec Woo and Seth Hollar and David Culler and Kristofer Pister},
	title		= {System Architecture Directions for Networked Sensors},
	journal		= {ACM SIGPLAN Notices},
	volume		= {35},
	issue		= {11},
	pages		= {93-104},
	year		= {2000}}

@article{hug90,
	author		= {John Hughes},
	title		= {Why Functional Programming Matters},
	journal		= {The Computer Journal},
	volume		= {32},
	issue		= {2},
	year		= {1989},
	pages		= {98-107}}
	
@misc{jinghuang:online,
	author		= {Jing Huang},
	title		= {Introduction to Semantics of Programming Languages},
	howpublished	= {Online},
	month		= {September},
	year		= {1994},
	url		= {\url{http://www.cs.cornell.edu/Info/Projects/NuPrl/cs611/fall94notes/cn2/subsection3_1_2.html}}},

@misc{johan:online,
	author		= {Johan den Haan},
	title		= {7 recommendations for Domain Specific Language design based on Domain-Driven Design},
	howpublished	= {Online},
	month		= {May},
	year		= {2009},
	url		= {\url{http://www.theenterprisearchitect.eu/archive/2009/05/06/dsl-development-7-recommendations-for-domain-specific-language-design-based-on-domain-driven-design}}}

@article{kateeb:2009,
	author		= {Ali El Kateeb},
	title		= {Hardware Reconfiguration Capabilities for Third-Generation Sensor Nodes},
	journal		= {Computer},
	volume		= {42},
	issue		= {5},
	pages		= {95-97},
	year		= {2009}}

@inproceedings{kim:2008,
	author		= {Younghun Kim and Thomas Schmid and Zainul M Charbiwala and Jonathan Friedman and Mani B Srivastava},
	title		= {{NAWMS}: Nonintrusive Autonomous Water Monitoring System},
	booktitle	= {Proceedings of the 6th ACM Conference on Networked Embedded Sensor Systems (SenSys)},
	pages		= {309-322},
	month		= {November},
	address		= {Raleigh, NC, USA},
	year		= {2008}}

@inproceedings{levis:2002,
	author		= {Philip Levis and David Culler},
	title		= {Mate: A Tiny Virtual Machine for Sensor Networks},
	booktitle	= {Proceedings of the 10th International Conference on Architectural Support for Programming Languages and Operating Systems (ASPLOS-X)},
	month		= {October},
	address		= {San Jose, CA, USA},
	year		= {2002}}

@inproceedings{levis:2004,
	author		= {Philip Levis and Neil Patel and David Culler and Scott Shenker},
	title		= {Trickle: A Self-Regulating Algorithm for Code Propagation and Maintenance in Wireless Sensor Networks},
	booktitle	= {Proceedings of the 1st USENIX/ACM Symposium on Networked Systems Design and Implementation (NSDI)},
	pages		= {15-28},
	month		= {March},
	address		= {San Francisco, CA, USA},
	year 		= {2004}}

@inproceedings{Lobo:1999:PDL:315149.315308,
	author		= {Lobo, Jorge and Bhatia, Randeep and Naqvi, Shamim},
	title		= {A Policy Description Language},
	booktitle	= {Proceedings 16th National Conference on Artificial Intelligence (AAAI) and 11th Conference on Innovative Applications of Artificial Intelligence (IAAI)},
	year		= {1999},
	pages		= {291-298},
	month		= {July},
	address		= {Orlando, FL, USA}}

@inproceedings{lorincz:2008,
	author		= {Konrad Lorincz and Bor-rong Chen and Jason Waterman and Geoff Werner-Allen and Matt Welsh},
	title		= {Resource Aware Programming in the {Pixie OS}},
	booktitle	= {Proceedings of the 6th ACM Conference on Networked Embedded Sensor Systems (SenSys)},
	pages		= {211-224},
	month		= {November},
	address		= {Raleigh, NC, USA},
	year		= {2008}}

@misc{mfowler:online,
	author		= {Martin Fowler},
	title		= {Introduction to Domain Specific Languages},
	howpublished	= {Online},
	month		= {October},
	year		= {2006},
	url		= {http://www.infoq.com/presentations/domain-specific-languages}}

@article{schurgers:2002,
	author		= "Curt Schurgers and Gautam Kulkarni and Mani B. Srivastava",
	title		= "Distributed On-Demand Address Assignment in Wireless Sensor Networks",
	journal		= "IEEE Transactions on Parallel and Distributed Systems",
	volume		= {13},
	issue		= {10},
	pages		= {1056-1065},
	year		= {2002}}

@inproceedings{simon:2004,
	author		= {Gyula Simon and Miklos Maroti and Akos Ledeczi and Gyorgy Balogh and Bronislav Kusy and Andras Nadas and Gabor Pap and Janos Sallai and Ken Frampton},
	title		= {Sensor Network-Based Countersniper System},
	booktitle	= {Proceedings of the 5th ACM Conference on Embedded Networked Sensor Systems (SenSys)},
	pages		= {1-12},
	month		= {November},
	address		= {Baltimore, MD, USA},
	year		= {2004}}

@inproceedings{dspinellis:1997,
	author		= {Diomidis Spinellis and V. Guruprasad},
	title		= {Lightweight Languages as Software Engineering Tools},
	booktitle	= {Proceedings of the Conference on Domain-Specific Languages (DSL)},
	pages		= {67-76},
	month		= {January},
	address		= {Santa Barbara, CA, USA},
	year		= {1997}}

@article{szewczyk:2004,
	author		= {Robert Szewczyk and Eric Osterweil and Joseph Polastre and Michael Hamilton and Alan Mainwaring and Deborah Estrin},
	title		= {Habitat Monitoring with Sensor Networks},
	journal		= {Communications of the ACM},
	volume		= {47},
	issue		= {6},
	pages		= {34-40},
	year		= {2004}}
