@techreport{marcin:whitepaper,
        author          = {Marcin Szczodrak and Vasileios P. Kemerlis and
			Xuan Linh Vu and Yiwei Gu},
        title           = {Swift Fox whitepaper},
        note            = {Computer Science Department, Columbia
			University},
        month           = {February},
        year            = {2010},
        url             = {\url{https://nslvm2.cs.columbia.edu/trac/attachment/wiki/WikiStart/whitepaper.pdf}}}

@article{culler:2004,
	author		= {David Culler and Deborah Estrin and Mani Srivastava},
	title		= "Guest Editors' Introduction: Overview of Sensor Networks",
	journal		= {Computer},
	volume		= {37},
	issue		= {8},
	year		= 2004,
	pages		= {41-49}}

@book{pilgrim:2004,
	author		= {Mark Pilgrim},
	title		= {Dive Into Python},
	publisher	= {Apress},
	year		= {2004}}

@misc{nyc-dhpd:online,
        author          = {New York City Department of Housing Preservation
			and Development},
        title           = {Residential Tenants: Heat and Water},
        howpublished    = {Online},
	month		= {March},
	year		= {2010},
        url             = {http://www.nyc.gov/html/hpd/html/tenants/heat-and-hot-water.shtml}}
