@techreport{marcin:tutorial,
   	author 		= {Marcin Szczodrak and Vasileios P. Kemerlis and
			Xuan Linh Vu and Yiwei Gu},
	title	 	= {Swift Fox tutorial},
   	note 		= {Computer Science Department, Columbia
			University},
   	month 		= {March},
   	year 		= {2010},
	url		= {\url{https://nslvm2.cs.columbia.edu/trac/attachment/wiki/WikiStart/tutorial.pdf}}}

@techreport{marcin:whitepaper,
   	author 		= {Marcin Szczodrak and Vasileios P. Kemerlis and
			Xuan Linh Vu and Yiwei Gu},
	title	 	= {Swift Fox whitepaper},
   	note 		= {Computer Science Department, Columbia
			University},
   	month 		= {February},
   	year 		= {2010},
	url		= {\url{https://nslvm2.cs.columbia.edu/trac/attachment/wiki/WikiStart/whitepaper.pdf}}}

@article{lesk:1990,
	author		= {Michael E. Lesk and Eric Schmidt},
	title		= {Lex: A Lexical Analyzer Generator},
	journal		= {UNIX Research System: Programmer's Manual
			(10th edition)},
	year		= {1990},
	volume		= {2},
	pages		= {375--387},
	publisher	= {W. B. Saunders Company},
	address		= {Philadelphia, PA, USA}}

@misc{paxson:2010,
	author		= {Vern Paxson and Jef Poskanzer and Kevin Gong},
	title		= {FLEX--Fast Lexical Analyzer Generator},
	howpublished	= {Online},
	month		= {March},
	year		= {2010},
	url		= {\url{http://flex.sourceforge.net}}}

@techreport{johnson:1975,
   	author 		= {Stephen C. Johnson},
	title	 	= {YACC: Yet Another Compiler-Compiler},
   	note 		= {Computing Science Technical Report, Bell
			Laboratories},
	number		= {32},
   	month 		= {July},
   	year 		= {1975}}

@misc{bison:2010,
	author		= {Bison---GNU parser generator},
	title		= {GNU},
	howpublished	= {Online},
	month		= {March},
	year		= {2010},
	url		= {\url{http://www.gnu.org/software/bison/}}}

@article{cardelli:1991,
	author		= {Luca Cardelli},
	title		= {Typeful programming},
	journal		= {Formal Description of Programming Concepts},
	year		= {1991},
	pages		= {431-507},
	publisher	= {Springer-Verlag},
	address		= {New York, NY, USA}}

@book{aho:2007,
	author		= {Alfred V. Aho and Monica S. Lam and Ravi Sethi
			and Jeffrey D. Ullman},
	title		= {Compilers: Principles, Techniques, \& Tools},
	edition		= {2nd},
	year		= {2007},
	publisher	= {Addison-Wesley}}
